@incollection{JoseiPG_2018,
author = {Oscar Castillo-Felisola and Jos√© Perdiguero and Oscar Orellana},
title = {Cosmological Solutions to Polynomial Affine Gravity in the Torsion-Free Sector},
booktitle = {Redefining Standard Model Cosmology},
publisher = {IntechOpen},
address = {Rijeka},
year = {2018},
editor = {Brian Albert Robson},
chapter = {5},
doi = {10.5772/intechopen.81231},
url = {https://doi.org/10.5772/intechopen.81231}
}