@article{Joseinflation2023,
      title={Inflationary scenarios in an effective polynomial affine model of gravity}, 
      author={Oscar Castillo-Felisola and Bastian Grez and Jose Perdiguero and Aureliano Skirzewski},
      month ={dec},
      year={2023},
      eprint={2312.07312},
      archivePrefix={arXiv},
      primaryClass={gr-qc}
}

@misc{JoseiPG_2022_3,
  doi = {10.48550/ARXIV.2212.07975},
  url = {https://arxiv.org/abs/2212.07975},
  author = {Perdiguero, Jos√© and Castillo-Felisola, Oscar},
  keywords = {General Relativity and Quantum Cosmology (gr-qc), High Energy Physics - Theory (hep-th), FOS: Physical sciences, FOS: Physical sciences},
  title = {Polynomial affine gravity in 3+1 dimensions},
  publisher = {arXiv},
  year = {2022},
  copyright = {Creative Commons Attribution Share Alike 4.0 International}
}